@article{Dubrulle-Beyond, 
title={Beyond {K}olmogorov cascades}, 
volume={867}, DOI={10.1017/jfm.2019.98}, 
journal={Journal of Fluid Mechanics}, 
publisher={Cambridge University Press}, 
author={Dubrulle, Bérengère}, 
year={2019}, 
pages={P1}}

@book{Galtier-Turb, 
title={Physique de la turbulence}, 
publisher={CNRS éditions (EDP Sciences)}, 
author={Galtier, Sébastien}, 
year={2021}}

@article{Faller-Intermittency, 
title={On the nature of intermittency in a turbulent von Kármán flow}, 
volume={914}, DOI={10.1017/jfm.2020.908}, 
journal={Journal of Fluid Mechanics}, 
publisher={Cambridge University Press}, 
author={Faller, H. and Geneste, D. and Chaabo, T. and Cheminet, A. and Valori, V. and Ostovan, Y. and Cappanera, L. and Cuvier, Ch. and Daviaud, F. and Foucaut, J.-M. and et al.}, 
year={2021}, 
pages={A2}}

@article{DuchonRobert,
  doi = {10.1088/0951-7715/13/1/312},
  url = {https://doi.org/10.1088/0951-7715/13/1/312},
  year = {1999},
  month = dec,
  publisher = {{IOP} Publishing},
  volume = {13},
  number = {1},
  pages = {249--255},
  author = {Jean Duchon and Raoul Robert},
  title = {Inertial energy dissipation for weak solutions of incompressible Euler and Navier-Stokes equations},
  journal = {Nonlinearity}
}

@article{K41,
  doi = {10.1098/rspa.1991.0076},
  url = {https://doi.org/10.1098/rspa.1991.0076},
  year = {1991},
  month = jul,
  publisher = {The Royal Society},
  volume = {434},
  number = {1890},
  pages = {15--17},
  author = {Andreï Kolmogorov},
  title = {Dissipation of energy in the locally isotropic turbulence},
  journal = {Proceedings of the Royal Society of London. Series A: Mathematical and Physical Sciences}
}

@article{Creff_2023,
  year = {2023},
  author = {Melvin Creff and  Hugues Faller and Bérengère Dubrulle and Jean-Luc Guermond and Caroline Nore},
  title = {Tracking dynamo mechanisms from local energy transfers: application to the von K\'arm\'an sodium dynamo},
  journal = {in preparation}
}

@online{sfemans,
  author = {Jean-Luc Guermond},
  title = {SFEMaNS documentation},
  year = 2021,
  url = {https://www.math.tamu.edu/~guermond/SFEMaNS/html/index.html}
}